@misc{ppt,
    author          = {Dical},
    title           = {¿En qué consiste la teoría del color?},
    year            = {},
    howpublished    = {\url{https://dical.es/blog/diseno/en-que-consiste-la-teoria-del-color}},
    note            = {Fecha no especificada}
}
@misc{colab,
    author          = {Universidad Católica del Uruguay},
    title           = {Matrices},
    year            = {2024},
    howpublished    = {\url{
https://colab.research.google.com/drive/1_UlXjT_vlzRfuIw0c8FiKlECYwjtphi9?usp=sharing}},
}